<record><leader>00000cas a2200000 a 4500</leader><controlfield tag="001">18100006</controlfield><controlfield tag="008">880616d19111914miudn ne      0    0eng c</controlfield><datafield ind1=" " ind2=" " tag="010"><subfield code="a">sn 88086194 </subfield></datafield><datafield ind1=" " ind2=" " tag="040"><subfield code="a">NPV</subfield><subfield code="b">eng</subfield><subfield code="c">NPV</subfield><subfield code="d">MHN</subfield><subfield code="d">OCL</subfield><subfield code="d">OCLCQ</subfield><subfield code="d">OCLCF</subfield><subfield code="d">OCLCO</subfield></datafield><datafield ind1=" " ind2=" " tag="042"><subfield code="a">pcc</subfield></datafield><datafield ind1=" " ind2=" " tag="043"><subfield code="a">n-us-mi</subfield></datafield><datafield ind1="0" ind2=" " tag="130"><subfield code="a">Evening statesman (Marshall, Mich. : 1911)</subfield></datafield><datafield ind1="1" ind2="4" tag="245"><subfield code="a">The evening statesman.</subfield></datafield><datafield ind1=" " ind2=" " tag="260"><subfield code="a">Marshall, Mich. :</subfield><subfield code="b">[Statesman Co.],</subfield><subfield code="c">1911-1914.</subfield></datafield><datafield ind1=" " ind2=" " tag="300"><subfield code="a">v.</subfield></datafield><datafield ind1=" " ind2=" " tag="310"><subfield code="a">Daily (except Sunday)</subfield></datafield><datafield ind1="0" ind2=" " tag="362"><subfield code="a">Vol. 1, no. 1 (May 20, 1911) = 72nd yr- ; -v. 6 (Feb. 10, 1914).</subfield></datafield><datafield ind1=" " ind2=" " tag="515"><subfield code="a">Issues also called:-&lt;v. 1, no. 304 (May 18, 1912) = 73rd yr.&gt; ; &lt;v. 5, (May 21, 1913)&gt;-</subfield></datafield><datafield ind1=" " ind2=" " tag="580"><subfield code="a">Weekly ed. : Marshall statesman (Marshall, Mich. : 1891).</subfield></datafield><datafield ind1=" " ind2=" " tag="580"><subfield code="a">Merged with: Marshall daily news, to form: Marshall news-statesman.</subfield></datafield><datafield ind1=" " ind2="0" tag="651"><subfield code="a">Marshall (Mich.)</subfield><subfield code="v">Newspapers.</subfield></datafield><datafield ind1=" " ind2="0" tag="651"><subfield code="a">Calhoun County (Mich.)</subfield><subfield code="v">Newspapers.</subfield></datafield><datafield ind1=" " ind2="7" tag="655"><subfield code="a">Newspapers.</subfield><subfield code="2">fast</subfield><subfield code="0">(OCoLC)fst01423814</subfield></datafield><datafield ind1=" " ind2="7" tag="651"><subfield code="a">Michigan</subfield><subfield code="z">Calhoun County.</subfield><subfield code="2">fast</subfield><subfield code="0">(OCoLC)fst01214761</subfield></datafield><datafield ind1=" " ind2="7" tag="651"><subfield code="a">Michigan</subfield><subfield code="z">Marshall.</subfield><subfield code="2">fast</subfield><subfield code="0">(OCoLC)fst01219646</subfield></datafield><datafield ind1=" " ind2=" " tag="752"><subfield code="a">United States</subfield><subfield code="b">Michigan</subfield><subfield code="c">Calhoun</subfield><subfield code="d">Marshall.</subfield></datafield><datafield ind1="1" ind2=" " tag="775"><subfield code="t">Marshall statesman (Marshall, Mich. : 1891)</subfield><subfield code="w">(DLC)sn 96077246</subfield><subfield code="w">(OCoLC)35903044</subfield></datafield><datafield ind1="1" ind2="7" tag="785"><subfield code="t">Marshall daily news</subfield><subfield code="w">(DLC)sn 88086197</subfield><subfield code="w">(OCoLC)18102857</subfield></datafield><datafield ind1="1" ind2="7" tag="785"><subfield code="t">Marshall news-statesman</subfield><subfield code="w">(DLC)sn 88086195</subfield><subfield code="w">(OCoLC)18100111</subfield></datafield></record>